@article{hinton2006fast,
  title={A fast learning algorithm for deep belief nets},
  author={Hinton, Geoffrey E and Osindero, Simon and Teh, Yee-Whye},
  journal={Neural computation},
  volume={18},
  number={7},
  pages={1527--1554},
  year={2006},
  publisher={MIT Press}
}

@book{murphy2012machine,
  title={Machine learning: a probabilistic perspective},
  author={Murphy, Kevin P},
  year={2012},
  publisher={MIT press}
}

@inproceedings{shokri2015privacy,
  title={Privacy-preserving deep learning},
  author={Shokri, Reza and Shmatikov, Vitaly},
  booktitle={Proceedings of the 22nd ACM SIGSAC conference on computer and communications security},
  pages={1310--1321},
  year={2015}
}

@article{mcmahan2016communication,
  title={Communication-efficient learning of deep networks from decentralized data},
  author={McMahan, H Brendan and Moore, Eider and Ramage, Daniel and Hampson, Seth and others},
  journal={arXiv preprint arXiv:1602.05629},
  year={2016}
}

@article{lin2017deep,
  title={Deep gradient compression: Reducing the communication bandwidth for distributed training},
  author={Lin, Yujun and Han, Song and Mao, Huizi and Wang, Yu and Dally, William J},
  journal={arXiv preprint arXiv:1712.01887},
  year={2017}
}

@book{周志华2016机器学习,
  title={机器学习},
  author={周志华},
  year={2016},
  address={China},
  publisher={清华大学出版社}
}

@article{voigt2017eu,
  title={The eu general data protection regulation (gdpr)},
  author={Voigt, Paul and Von dem Bussche, Axel},
  journal={A Practical Guide, 1st Ed., Cham: Springer International Publishing},
  year={2017},
  publisher={Springer}
}

