
@article{hinton2006fast,
  title={A fast learning algorithm for deep belief nets},
  author={Hinton, Geoffrey E and Osindero, Simon and Teh, Yee-Whye},
  journal={Neural computation},
  volume={18},
  number={7},
  pages={1527--1554},
  year={2006},
  publisher={MIT Press}
}

@book{murphy2012machine,
  title={Machine learning: a probabilistic perspective},
  author={Murphy, Kevin P},
  year={2012},
  publisher={MIT press}
}

@inproceedings{shokri2015privacy,
  title={Privacy-preserving deep learning},
  author={Shokri, Reza and Shmatikov, Vitaly},
  booktitle={Proceedings of the 22nd ACM SIGSAC conference on computer and communications security},
  pages={1310--1321},
  year={2015}
}

@article{mcmahan2016communication,
  title={Communication-efficient learning of deep networks from decentralized data},
  author={McMahan, H Brendan and Moore, Eider and Ramage, Daniel and Hampson, Seth and others},
  journal={arXiv preprint arXiv:1602.05629},
  year={2016}
}

@article{lin2017deep,
  title={Deep gradient compression: Reducing the communication bandwidth for distributed training},
  author={Lin, Yujun and Han, Song and Mao, Huizi and Wang, Yu and Dally, William J},
  journal={arXiv preprint arXiv:1712.01887},
  year={2017}
}

@book{周志华2016机器学习,
  title={机器学习},
  author={周志华},
  year={2016},
  address={China},
  publisher={清华大学出版社}
}

@article{voigt2017eu,
  title={The eu general data protection regulation (gdpr)},
  author={Voigt, Paul and Von dem Bussche, Axel},
  journal={A Practical Guide, 1st Ed., Cham: Springer International Publishing},
  year={2017},
  publisher={Springer}
}

@inproceedings{ho2013more,
  title={More effective distributed ml via a stale synchronous parallel parameter server},
  author={Ho, Qirong and Cipar, James and Cui, Henggang and Lee, Seunghak and Kim, Jin Kyu and Gibbons, Phillip B and Gibson, Garth A and Ganger, Greg and Xing, Eric P},
  booktitle={Advances in neural information processing systems},
  pages={1223--1231},
  year={2013}
}

@article{xing2015petuum,
  title={Petuum: A new platform for distributed machine learning on big data},
  author={Xing, Eric P and Ho, Qirong and Dai, Wei and Kim, Jin Kyu and Wei, Jinliang and Lee, Seunghak and Zheng, Xun and Xie, Pengtao and Kumar, Abhimanu and Yu, Yaoliang},
  journal={IEEE Transactions on Big Data},
  volume={1},
  number={2},
  pages={49--67},
  year={2015},
  publisher={IEEE}
}

@inproceedings{wei2015managed,
  title={Managed communication and consistency for fast data-parallel iterative analytics},
  author={Wei, Jinliang and Dai, Wei and Qiao, Aurick and Ho, Qirong and Cui, Henggang and Ganger, Gregory R and Gibbons, Phillip B and Gibson, Garth A and Xing, Eric P},
  booktitle={Proceedings of the Sixth ACM Symposium on Cloud Computing},
  pages={381--394},
  year={2015}
}

@article{lecun2015lenet,
  title={LeNet-5, convolutional neural networks},
  author={LeCun, Yann and others},
  journal={URL: http://yann. lecun. com/exdb/lenet},
  volume={20},
  pages={5},
  year={2015}
}

@article{chen2015mxnet,
  title={Mxnet: A flexible and efficient machine learning library for heterogeneous distributed systems},
  author={Chen, Tianqi and Li, Mu and Li, Yutian and Lin, Min and Wang, Naiyan and Wang, Minjie and Xiao, Tianjun and Xu, Bing and Zhang, Chiyuan and Zhang, Zheng},
  journal={arXiv preprint arXiv:1512.01274},
  year={2015}
}

@article{yang2019federated,
  title={Federated machine learning: Concept and applications},
  author={Yang, Qiang and Liu, Yang and Chen, Tianjian and Tong, Yongxin},
  journal={ACM Transactions on Intelligent Systems and Technology (TIST)},
  volume={10},
  number={2},
  pages={1--19},
  year={2019},
  publisher={ACM New York, NY, USA}
}

@misc{googleaiblog,
author = {H Brendan McMahan and Daniel Ramage},
title = {Federated Learning: Collaborative Machine Learning without Centralized Training Data},
howpublished = {\url{https://ai.googleblog.com/2017/04/federated-learning-collaborative.html}},
year = {2017}
}

@inproceedings{erlingsson2014rappor,
  title={Rappor: Randomized aggregatable privacy-preserving ordinal response},
  author={Erlingsson, {\'U}lfar and Pihur, Vasyl and Korolova, Aleksandra},
  booktitle={Proceedings of the 2014 ACM SIGSAC conference on computer and communications security},
  pages={1054--1067},
  year={2014}
}

@misc{appleai,
author = {Differential Privacy Team},
title = {Learning with Privacy at Scale},
howpublished = {website},
note = {\url{https://machinelearning.apple.com/2017/12/06/learning-with-privacy-at-scale.html}},
year = {2017}
}

@article{chen2019federated,
  title={Federated learning of out-of-vocabulary words},
  author={Chen, Mingqing and Mathews, Rajiv and Ouyang, Tom and Beaufays, Fran{\c{c}}oise},
  journal={arXiv preprint arXiv:1903.10635},
  year={2019}
}

@article{hard2018federated,
  title={Federated learning for mobile keyboard prediction},
  author={Hard, Andrew and Rao, Kanishka and Mathews, Rajiv and Ramaswamy, Swaroop and Beaufays, Fran{\c{c}}oise and Augenstein, Sean and Eichner, Hubert and Kiddon, Chlo{\'e} and Ramage, Daniel},
  journal={arXiv preprint arXiv:1811.03604},
  year={2018}
}

@article{ramaswamy2019federated,
  title={Federated learning for emoji prediction in a mobile keyboard},
  author={Ramaswamy, Swaroop and Mathews, Rajiv and Rao, Kanishka and Beaufays, Fran{\c{c}}oise},
  journal={arXiv preprint arXiv:1906.04329},
  year={2019}
}

@article{yang2018applied,
  title={Applied federated learning: Improving google keyboard query suggestions},
  author={Yang, Timothy and Andrew, Galen and Eichner, Hubert and Sun, Haicheng and Li, Wei and Kong, Nicholas and Ramage, Daniel and Beaufays, Fran{\c{c}}oise},
  journal={arXiv preprint arXiv:1812.02903},
  year={2018}
}

@misc{Apple,
  author = {Apple},
  title = {Private Federated Learning (NeurIPS 2019 Expo Talk Abstract)},
  note = {URL: http://nips.cc/ExpoConferences/2019/schedule?talk_id=40},
  year = {2019}
}

@inproceedings{leroy2019federated,
  title={Federated learning for keyword spotting},
  author={Leroy, David and Coucke, Alice and Lavril, Thibaut and Gisselbrecht, Thibault and Dureau, Joseph},
  booktitle={ICASSP 2019-2019 IEEE International Conference on Acoustics, Speech and Signal Processing (ICASSP)},
  pages={6341--6345},
  year={2019},
  organization={IEEE}
}


@article{Webank,
  title={WeBank and Swiss re signed cooperation MOU, 2019},
  author={WeBank},
  journal={URL: https://finance.yahoo.com/news/webank-swiss-signed-cooperation-mou-112300218.html},
  year={2019}
}

@article{courtiol2019deep,
  title={Deep learning-based classification of mesothelioma improves prediction of patient outcome},
  author={Courtiol, Pierre and Maussion, Charles and Moarii, Matahi and Pronier, Elodie and Pilcer, Samuel and Sefta, Meriem and Manceron, Pierre and Toldo, Sylvain and Zaslavskiy, Mikhail and Le Stang, Nolwenn and others},
  journal={Nature medicine},
  volume={25},
  number={10},
  pages={1519--1525},
  year={2019},
  publisher={Nature Publishing Group}
}

@inproceedings{dean2012large,
  title={Large scale distributed deep networks},
  author={Dean, Jeffrey and Corrado, Greg and Monga, Rajat and Chen, Kai and Devin, Matthieu and Mao, Mark and Ranzato, Marc'aurelio and Senior, Andrew and Tucker, Paul and Yang, Ke and others},
  booktitle={Advances in neural information processing systems},
  pages={1223--1231},
  year={2012}
}

@article{hsieh2019non,
  title={The Non-IID Data Quagmire of Decentralized Machine Learning},
  author={Hsieh, Kevin and Phanishayee, Amar and Mutlu, Onur and Gibbons, Phillip B},
  journal={arXiv preprint arXiv:1910.00189},
  year={2019}
}

@article{peng2019federated,
  title={Federated Adversarial Domain Adaptation},
  author={Peng, Xingchao and Huang, Zijun and Zhu, Yizhe and Saenko, Kate},
  journal={arXiv preprint arXiv:1911.02054},
  year={2019}
}